@book{fulano,
author = {da Silva, Neto, João and de Tal, Fulano},
title = {Um livro de teste},
year = {2013},
OPTeditor = {editor},
OPTeditora = {editora},
OPTeditorb = {editorb},
OPTeditorc = {editorc},
OPTtranslator = {translator},
OPTannotator = {annotator},
OPTcommentator = {commentator},
OPTintroduction = {introduction},
OPTforeword = {foreword},
OPTafterword = {afterword},
OPTsubtitle = {subtitle},
OPTtitleaddon = {titleaddon},
OPTmaintitle = {maintitle},
OPTmainsubtitle = {mainsubtitle},
OPTmaintitleaddon = {maintitleaddon},
OPTlanguage = {language},
OPToriglanguage = {origlanguage},
OPTvolume = {volume},
OPTpart = {part},
OPTedition = {edition},
OPTvolumes = {volumes},
OPTseries = {series},
OPTnumber = {number},
OPTnote = {note},
publisher = {Companhia Editora Nacional},
location = {Pantópolis},
OPTisbn = {isbn},
OPTchapter = {chapter},
OPTpages = {pages},
OPTpagetotal = {pagetotal},
OPTaddendum = {addendum},
OPTpubstate = {pubstate},
OPTdoi = {doi},
OPTeprint = {eprint},
OPTeprintclass = {eprintclass},
OPTeprinttype = {eprinttype},
OPTurl = {url},
OPTurldate = {urldate},
}
